<record xmlns:xsi="http://www.w3.org/2001/XMLSchema-instance" xmlns="http://www.loc.gov/MARC21/slim" xsi:schemaLocation="http://www.loc.gov/MARC21/slim http://www.loc.gov/standards/marcxml/schema/MARC21slim.xsd">

  <leader>00407nam a2200157Ia 4500</leader>
  <controlfield tag="008">150812b1984    s  ||||| |||| 00| | spa d</controlfield>
  <datafield ind1=" " ind2=" " tag="020">
    <subfield code="a">8432993301</subfield>
  </datafield>
  <datafield tag="090" ind2=" " ind1=" ">
    <subfield code="a">808.82</subfield>
    <subfield code="b">V212p </subfield>
  </datafield>
  <datafield tag="100" ind2=" " ind1="1">
    <subfield code="a">Vallón, Claude</subfield>
    <subfield code="9">806</subfield>
  </datafield>
  <datafield tag="245" ind2="0" ind1="1">
    <subfield code="a">Práctica del teatro para niños</subfield>
  </datafield>
  <datafield tag="260" ind2=" " ind1=" ">
    <subfield code="a">Barcelona, España : </subfield>
    <subfield code="b">Ceac, </subfield>
    <subfield code="c">1984</subfield>
  </datafield>
  <datafield tag="300" ind2=" " ind1=" ">
    <subfield code="a">176 páginas</subfield>
  </datafield>
  <datafield tag="650" ind2="4" ind1="1">
    <subfield code="a">TEATRO </subfield>
    <subfield code="9">807</subfield>
  </datafield>
  <datafield tag="650" ind2="4" ind1="1">
    <subfield code="a">NIÑOS</subfield>
    <subfield code="9">59</subfield>
  </datafield>
  <datafield tag="942" ind1=" " ind2=" ">
    <subfield code="2">z</subfield>
    <subfield code="c">01</subfield>
  </datafield>
  <datafield tag="999" ind1=" " ind2=" ">
    <subfield code="c">182</subfield>
    <subfield code="d">182</subfield>
  </datafield>
</record>